<?xml version="1.0" encoding="UTF-8"?>

<collection xmlns="http://www.loc.gov/marc/bibliographic">
  <record>
    <leader>00000cam a2200000 cc4500</leader>
    <controlfield tag="001">424646102</controlfield>
    <controlfield tag="003">DE-603</controlfield>
    <controlfield tag="005">20180109224450.0</controlfield>
    <controlfield tag="007">tu</controlfield>
    <controlfield tag="008">180109s1985    xx ||||  |   u00||u|chi c</controlfield>
    <datafield tag="035" ind1=" " ind2=" ">
      <subfield code="a">(DE-599)HEB424646102</subfield>
    </datafield>
    <datafield tag="035" ind1=" " ind2=" ">
      <subfield code="a">(OCoLC)1018404551</subfield>
    </datafield>
    <datafield tag="040" ind1=" " ind2=" ">
      <subfield code="a">DE-603</subfield>
      <subfield code="b">ger</subfield>
      <subfield code="c">DE-603</subfield>
      <subfield code="d">DE-603</subfield>
      <subfield code="e">rda</subfield>
    </datafield>
    <datafield tag="041" ind1=" " ind2=" ">
      <subfield code="a">chi</subfield>
    </datafield>
    <datafield tag="245" ind1="0" ind2="0">
      <subfield code="6">880-03/Latn</subfield>
      <subfield code="a">Dao zang ji yao</subfield>
      <subfield code="n">12</subfield>
      <subfield code="p">Serie 12</subfield>
      <subfield code="c">[He Longxiang jiao kan]</subfield>
    </datafield>
    <datafield tag="264" ind1=" " ind2="1">
      <subfield code="6">880-02/Latn</subfield>
      <subfield code="a">[Chengdu shi]</subfield>
      <subfield code="b">Ba shu shu she</subfield>
      <subfield code="c">1985</subfield>
      <subfield code="X">1985</subfield>
    </datafield>
    <datafield tag="336" ind1=" " ind2=" ">
      <subfield code="a">Text</subfield>
      <subfield code="b">txt</subfield>
      <subfield code="2">rdacontent</subfield>
    </datafield>
    <datafield tag="337" ind1=" " ind2=" ">
      <subfield code="a">ohne Hilfsmittel zu benutzen</subfield>
      <subfield code="b">n</subfield>
      <subfield code="2">rdamedia</subfield>
    </datafield>
    <datafield tag="338" ind1=" " ind2=" ">
      <subfield code="a">Band</subfield>
      <subfield code="b">nc</subfield>
      <subfield code="2">rdacarrier</subfield>
    </datafield>
    <datafield tag="500" ind1=" " ind2=" ">
      <subfield code="a">7 Hefte in einem Schuber</subfield>
    </datafield>
    <datafield tag="700" ind1="1" ind2=" ">
      <subfield code="6">880-01/Latn</subfield>
      <subfield code="a">He, Longxiang</subfield>
      <subfield code="e">Zusammenstellender</subfield>
      <subfield code="4">com</subfield>
      <subfield code="0">(DE-588)1095270753</subfield>
      <subfield code="0">(DE-603)377825859</subfield>
    </datafield>
    <datafield tag="773" ind1="0" ind2="8">
      <subfield code="q">212</subfield>
      <subfield code="w">(DE-603)424413507</subfield>
    </datafield>
    <datafield tag="880" ind1=" " ind2="1">
      <subfield code="6">264-02/Hant</subfield>
      <subfield code="a">[成都市]</subfield>
      <subfield code="b">: 巴蜀書社,</subfield>
      <subfield code="c">1985</subfield>
    </datafield>
    <datafield tag="880" ind1="0" ind2=" ">
      <subfield code="6">700-01/Hant</subfield>
      <subfield code="a">賀龍驤</subfield>
      <subfield code="e">Zusammenstellender</subfield>
      <subfield code="4">com</subfield>
      <subfield code="0">(DE-588)1095270753</subfield>
      <subfield code="0">(DE-603)377825859</subfield>
    </datafield>
    <datafield tag="880" ind1="0" ind2="0">
      <subfield code="6">245-03/Hant</subfield>
      <subfield code="a">道藏輯要</subfield>
      <subfield code="n">12</subfield>
      <subfield code="p">Serie 12</subfield>
      <subfield code="c">[賀龍驤校勘]</subfield>
    </datafield>
    <datafield tag="924" ind1="0" ind2=" ">
      <subfield code="9">4</subfield>
      <subfield code="a">(DE-603)1014844053</subfield>
      <subfield code="b">DE-4</subfield>
      <subfield code="c">HES</subfield>
      <subfield code="d">c</subfield>
      <subfield code="g">085 4 2018/00105</subfield>
    </datafield>
  </record>
</collection>
